@book{DBLP:books/ph/BattistaETT99,
  author    = {Giuseppe {Di Battista} and
               Peter Eades and
               Roberto Tamassia and
               Ioannis G. Tollis},
  title     = {Graph Drawing: Algorithms for the Visualization of Graphs},
  publisher = {Prentice-Hall},
  year      = {1999},
  isbn      = {0-13-301615-3},
  timestamp = {Mon, 11 Feb 2002 10:11:43 +0100},
  biburl    = {https://dblp.org/rec/bib/books/ph/BattistaETT99},
  bibsource = {dblp computer science bibliography, https://dblp.org}
}

@proceedings{DBLP:conf/dagstuhl/1999dg,
  editor    = {Michael Kaufmann and
               Dorothea Wagner},
  title     = {Drawing Graphs, Methods and Models},
  series    = {LNCS},
  volume    = {2025},
  publisher = {Springer},
  year      = {2001},
  OPTurl       = {https://doi.org/10.1007/3-540-44969-8},
  doi       = {10.1007/3-540-44969-8},
  isbn      = {3-540-42062-2},
  timestamp = {Fri, 26 May 2017 14:09:15 +0200},
  biburl    = {https://dblp.org/rec/bib/conf/dagstuhl/1999dg},
  bibsource = {dblp computer science bibliography, https://dblp.org}
}

@article{DBLP:journals/combinatorica/FraysseixPP90,
  author    = {Hubert de Fraysseix and
               J{\'{a}}nos Pach and
               Richard Pollack},
  title     = {How to draw a planar graph on a grid},
  journal   = {Combinatorica},
  volume    = {10},
  number    = {1},
  pages     = {41--51},
  year      = {1990},
  OPTurl       = {https://doi.org/10.1007/BF02122694},
  doi       = {10.1007/BF02122694},
  timestamp = {Thu, 18 May 2017 09:53:27 +0200},
  biburl    = {https://dblp.org/rec/bib/journals/combinatorica/FraysseixPP90},
  bibsource = {dblp computer science bibliography, https://dblp.org}
}

@article{DBLP:journals/algorithmica/Kant96,
  author    = {Goos Kant},
  title     = {Drawing Planar Graphs Using the Canonical Ordering},
  journal   = {Algorithmica},
  volume    = {16},
  number    = {1},
  pages     = {4--32},
  year      = {1996},
  OPTurl       = {https://doi.org/10.1007/BF02086606},
  doi       = {10.1007/BF02086606},
  timestamp = {Wed, 17 May 2017 14:25:13 +0200},
  biburl    = {https://dblp.org/rec/bib/journals/algorithmica/Kant96},
  bibsource = {dblp computer science bibliography, https://dblp.org}
}

@inproceedings{DBLP:conf/gd/GutwengerM98,
  author    = {Carsten Gutwenger and
               Petra Mutzel},
  editor    = {Sue Whitesides},
  title     = {Planar Polyline Drawings with Good Angular Resolution},
  booktitle = {{Graph Drawing}},
  series    = {LNCS},
  volume    = {1547},
  pages     = {167--182},
  publisher = {Springer},
  year      = {1998},
  OPTurl       = {https://doi.org/10.1007/3-540-37623-2_13},
  doi       = {10.1007/3-540-37623-2_13},
  timestamp = {Thu, 15 Jun 2017 21:37:32 +0200},
  biburl    = {https://dblp.org/rec/bib/conf/gd/GutwengerM98},
  bibsource = {dblp computer science bibliography, https://dblp.org}
}

@book{DBLP:reference/crc/2013gd,
  editor    = {Roberto Tamassia},
  title     = {Handbook on Graph Drawing and Visualization},
  publisher = {Chapman and Hall/CRC},
  year      = {2013},
  OPTurl       = {https://www.crcpress.com/Handbook-of-Graph-Drawing-and-Visualization/Tamassia/9781584884125},
  isbn      = {978-1-5848-8412-5},
  timestamp = {Sun, 17 Jan 2016 19:21:40 +0100},
  biburl    = {https://dblp.org/rec/bib/reference/crc/2013gd},
  bibsource = {dblp computer science bibliography, https://dblp.org}
}

@article{DBLP:journals/iwc/Purchase00,
  author    = {Helen C. Purchase},
  title     = {Effective information visualisation: a study of graph drawing aesthetics
               and algorithms},
  journal   = {Interacting with Computers},
  volume    = {13},
  number    = {2},
  pages     = {147--162},
  year      = {2000},
  OPTurl       = {https://doi.org/10.1016/S0953-5438(00)00032-1},
  doi       = {10.1016/S0953-5438(00)00032-1},
  timestamp = {Thu, 18 May 2017 09:50:36 +0200},
  biburl    = {https://dblp.org/rec/bib/journals/iwc/Purchase00},
  bibsource = {dblp computer science bibliography, https://dblp.org}
}

@article{DBLP:journals/tsmc/SugiyamaTT81,
  author    = {Kozo Sugiyama and
               Shojiro Tagawa and
               Mitsuhiko Toda},
  title     = {Methods for Visual Understanding of Hierarchical System Structures},
  journal   = {{IEEE} Trans. Systems, Man, and Cybernetics},
  volume    = {11},
  number    = {2},
  pages     = {109--125},
  year      = {1981},
  OTPurl       = {https://doi.org/10.1109/TSMC.1981.4308636},
  doi       = {10.1109/TSMC.1981.4308636},
  timestamp = {Wed, 17 May 2017 10:55:57 +0200},
  biburl    = {https://dblp.org/rec/bib/journals/tsmc/SugiyamaTT81},
  bibsource = {dblp computer science bibliography, https://dblp.org}
}

@article{DBLP:journals/congnum/Eades84,
  author    = {Peter Eades},
  title     = {A Heuristic for Graph Drawing},
  journal   = {Congressus Numerantium},
  volume    = {42},
  pages     = {149--160},
  year      = {1984}
}

@article{DBLP:journals/algorithmica/EadesW94,
  author    = {Peter Eades and
               Nicholas C. Wormald},
  title     = {Edge Crossings in Drawings of Bipartite Graphs},
  journal   = {Algorithmica},
  volume    = {11},
  number    = {4},
  pages     = {379--403},
  year      = {1994},
  OPTurl       = {https://doi.org/10.1007/BF01187020},
  doi       = {10.1007/BF01187020},
  timestamp = {Wed, 17 May 2017 14:25:13 +0200},
  biburl    = {https://dblp.org/rec/bib/journals/algorithmica/EadesW94},
  bibsource = {dblp computer science bibliography, https://dblp.org}
}

@article{DBLP:journals/spe/FruchtermanR91,
  author    = {Thomas M. J. Fruchterman and
               Edward M. Reingold},
  title     = {Graph Drawing by Force-directed Placement},
  journal   = {Softw., Pract. Exper.},
  volume    = {21},
  number    = {11},
  pages     = {1129--1164},
  year      = {1991},
  OPTurl       = {https://doi.org/10.1002/spe.4380211102},
  doi       = {10.1002/spe.4380211102},
  timestamp = {Sun, 28 May 2017 13:24:01 +0200},
  biburl    = {https://dblp.org/rec/bib/journals/spe/FruchtermanR91},
  bibsource = {dblp computer science bibliography, https://dblp.org}
}

@inproceedings{DBLP:conf/apvis/Huang07,
  author    = {Weidong Huang},
  editor    = {Seok{-}Hee Hong and
               Kwan{-}Liu Ma},
  title     = {Using eye tracking to investigate graph layout effects},
  booktitle = {{APVIS}},
  pages     = {97--100},
  publisher = {{IEEE} Computer Society},
  year      = {2007},
  OPTurl       = {https://doi.org/10.1109/APVIS.2007.329282},
  doi       = {10.1109/APVIS.2007.329282},
  timestamp = {Wed, 17 May 2017 10:54:55 +0200},
  biburl    = {https://dblp.org/rec/bib/conf/apvis/Huang07},
  bibsource = {dblp computer science bibliography, https://dblp.org}
}

@article{DBLP:journals/vlc/HuangEH14,
  author    = {Weidong Huang and
               Peter Eades and
               Seok{-}Hee Hong},
  title     = {Larger crossing angles make graphs easier to read},
  journal   = {J. Vis. Lang. Comput.},
  volume    = {25},
  number    = {4},
  pages     = {452--465},
  year      = {2014},
  OPTurl       = {https://doi.org/10.1016/j.jvlc.2014.03.001},
  doi       = {10.1016/j.jvlc.2014.03.001},
  timestamp = {Wed, 14 Jun 2017 20:30:22 +0200},
  biburl    = {https://dblp.org/rec/bib/journals/vlc/HuangEH14},
  bibsource = {dblp computer science bibliography, https://dblp.org}
}

@article{DBLP:journals/corr/abs-1804-07257,
  author    = {Walter Didimo and
               Giuseppe Liotta and 
               Fabrizio Montecchiani},
  title     = {A Survey on Graph Drawing Beyond Planarity},
  journal   = {CoRR},
  volume    = {abs/1804.07257},
  year      = {2018},
  OTPurl       = {http://arxiv.org/abs/1804.07257},
  archivePrefix = {arXiv},
  eprint    = {1803.03705},
  timestamp = {Tue, 10 Apr 2018 20:50:05 +0200},
  biburl    = {https://dblp.org/rec/bib/journals/corr/abs-1804-07257},
  bibsource = {dblp computer science bibliography, https://dblp.org}
}

@article{DBLP:journals/jgaa/BekosKM18,
  author    = {Michael A. Bekos and
               Michael Kaufmann and
               Fabrizio Montecchiani},
  title     = {Guest Editors' Foreword and Overview},
  journal   = {J. Graph Algorithms Appl.},
  volume    = {22},
  number    = {1},
  pages     = {1--10},
  year      = {2018},
  OPTurl       = {https://doi.org/10.7155/jgaa.00459},
  doi       = {10.7155/jgaa.00459},
  timestamp = {Wed, 28 Mar 2018 12:00:17 +0200},
  biburl    = {https://dblp.org/rec/bib/journals/jgaa/BekosKM18},
  bibsource = {dblp computer science bibliography, https://dblp.org}
}

@Misc{Dagstuhl2016,
  author       = {Michael Kaufmann and Stephen Kobourov and J{\'{a}}nos Pach and Seok{-}{H}ee Hong},
  title        = {Beyond Planar Graphs: Algorithmics and Combinatorics},
  howpublished = {Dagstuhl Seminar 16452},
  month        = {November 6-11},
  year         = {2016}
}

@Misc{Shonan2016,
  author       = {Seok{-}{H}ee Hong and Takeshi Tokuyama},
  title        = {Algorithmics for Beyond Planar Graphs},
  howpublished = {NII Shonan Meeting Seminar 089},
  month        = {November 27 - December 1},
  year         = {2016}
}

@Misc{SoCG2017,
  author       = {Giuseppe Liotta},
  title        = {Graph Drawing Beyond Planarity: Some results and open problems},
  howpublished = {SoCG Week, Invited talk},
  month        = {July 4th},
  year         = {2017}
}

@article{DBLP:journals/jgaa/ArgyriouBS12,
  author    = {Evmorfia N. Argyriou and
               Michael A. Bekos and
               Antonios Symvonis},
  title     = {The Straight-Line {RAC} Drawing Problem is {NP}-Hard},
  journal   = {J. Graph Algorithms Appl.},
  volume    = {16},
  number    = {2},
  pages     = {569--597},
  year      = {2012},
  OPTurl       = {https://doi.org/10.7155/jgaa.00274},
  doi       = {10.7155/jgaa.00274},
  timestamp = {Sat, 16 Sep 2017 12:05:27 +0200},
  biburl    = {https://dblp.org/rec/bib/journals/jgaa/ArgyriouBS12},
  bibsource = {dblp computer science bibliography, https://dblp.org}
}

@article{DBLP:journals/tcs/DidimoEL11,
  author    = {Walter Didimo and
               Peter Eades and
               Giuseppe Liotta},
  title     = {Drawing graphs with right angle crossings},
  journal   = {Theor. Comput. Sci.},
  volume    = {412},
  number    = {39},
  pages     = {5156--5166},
  year      = {2011},
  OPTurl       = {https://doi.org/10.1016/j.tcs.2011.05.025},
  doi       = {10.1016/j.tcs.2011.05.025},
  timestamp = {Thu, 08 Jun 2017 09:02:35 +0200},
  biburl    = {https://dblp.org/rec/bib/journals/tcs/DidimoEL11},
  bibsource = {dblp computer science bibliography, https://dblp.org}
}

@article{DBLP:journals/vlc/HuangEHL13,
  author    = {Weidong Huang and
               Peter Eades and
               Seok{-}Hee Hong and
               Chun{-}Cheng Lin},
  title     = {Improving multiple aesthetics produces better graph drawings},
  journal   = {J. Vis. Lang. Comput.},
  volume    = {24},
  number    = {4},
  pages     = {262--272},
  year      = {2013},
  OPTurl       = {https://doi.org/10.1016/j.jvlc.2011.12.002},
  doi       = {10.1016/j.jvlc.2011.12.002},
  timestamp = {Wed, 14 Jun 2017 20:30:23 +0200},
  biburl    = {https://dblp.org/rec/bib/journals/vlc/HuangEHL13},
  bibsource = {dblp computer science bibliography, https://dblp.org}
}

@article{DBLP:journals/cj/ArgyriouBS13,
  author    = {Evmorfia N. Argyriou and
               Michael A. Bekos and
               Antonios Symvonis},
  title     = {Maximizing the Total Resolution of Graphs},
  journal   = {Comput. J.},
  volume    = {56},
  number    = {7},
  pages     = {887--900},
  year      = {2013},
  OPTurl       = {https://doi.org/10.1093/comjnl/bxs088},
  doi       = {10.1093/comjnl/bxs088},
  timestamp = {Fri, 15 Sep 2017 17:21:44 +0200},
  biburl    = {https://dblp.org/rec/bib/journals/cj/ArgyriouBS13},
  bibsource = {dblp computer science bibliography, https://dblp.org}
}